<collection xmlns="http://www.loc.gov/MARC21/slim">
<record>
  <leader>01216nam0a2200253 i 450 </leader>
  <controlfield tag="001">IT\ICCU\CNCE\062105</controlfield>
  <controlfield tag="005">20120316000000.0</controlfield>
  <datafield tag="012" ind1=" " ind2=" ">
    <subfield code="a">o.po i.p- eoi. lita (3) 1531 (A)</subfield>
    <subfield code="2">fei</subfield>
  </datafield>
  <datafield tag="100" ind1=" " ind2=" ">
    <subfield code="a">20051026d1531        0itac0103    ba</subfield>
  </datafield>
  <datafield tag="101" ind1=" " ind2=" ">
    <subfield code="a">LAT</subfield>
  </datafield>
  <datafield tag="102" ind1=" " ind2=" ">
    <subfield code="a">IT</subfield>
  </datafield>
  <datafield tag="200" ind1="1" ind2=" ">
    <subfield code="a">Repetitiones diuerse excel. doctorum que in primam ff. ueteris partem reperiri possunt. Quarum multe addite fuerunt non amplius impresse ...</subfield>
  </datafield>
  <datafield tag="210" ind1=" " ind2=" ">
    <subfield code="a">\Venezia</subfield>
    <subfield code="c">Battista Torti!</subfield>
    <subfield code="e">Venetiis</subfield>
    <subfield code="g">Ex impressione Baptiste de Tortis</subfield>
    <subfield code="h">1531 die 29 nouembris</subfield>
  </datafield>
  <datafield tag="215" ind1=" " ind2=" ">
    <subfield code="a">155, \1! c.</subfield>
    <subfield code="d">fol</subfield>
  </datafield>
  <datafield tag="620" ind1=" " ind2=" ">
    <subfield code="a">IT</subfield>
    <subfield code="d">Venezia</subfield>
  </datafield>
  <datafield tag="712" ind1="0" ind2="0">
    <subfield code="a">Torti, Battista</subfield>
    <subfield code="3">IT\ICCU\CNCT\000101</subfield>
    <subfield code="4">650</subfield>
  </datafield>
  <datafield tag="791" ind1="0" ind2="0">
    <subfield code="a">De_Tortis, Baptista</subfield>
    <subfield code="3">IT\ICCU\CNCT\004133</subfield>
    <subfield code="z">Torti, Battista</subfield>
  </datafield>
  <datafield tag="791" ind1="0" ind2="0">
    <subfield code="a">Tortis, Baptista de</subfield>
    <subfield code="3">IT\ICCU\CNCT\005592</subfield>
    <subfield code="z">Torti, Battista</subfield>
  </datafield>
  <datafield tag="801" ind1=" " ind2="3">
    <subfield code="a">IT</subfield>
    <subfield code="b">ICCU</subfield>
    <subfield code="c">20201115</subfield>
  </datafield>
  <datafield tag="899" ind1=" " ind2=" ">
    <subfield code="a">Biblioteca comunale Aurelio Saffi. Forl</subfield>
    <subfield code="1">FC0018</subfield>
    <subfield code="2">RAV FO</subfield>
  </datafield>
  <datafield tag="899" ind1=" " ind2=" ">
    <subfield code="a">Biblioteca  Panizzi. Reggio Emilia</subfield>
    <subfield code="1">RE0052</subfield>
    <subfield code="2">RE2 PA</subfield>
  </datafield>
  <datafield tag="899" ind1=" " ind2=" ">
    <subfield code="a">British Library. London</subfield>
    <subfield code="1">UK0001</subfield>
  </datafield>
  <datafield tag="911" ind1=" " ind2=" ">
    <subfield code="a">Sul front.</subfield>
    <subfield code="9">IT\ICCU\CNCM\000753</subfield>
  </datafield>
  <datafield tag="921" ind1=" " ind2=" ">
    <subfield code="a">IT\ICCU\CNCM\000753</subfield>
    <subfield code="b">Cerchio con croce doppia e iniziali B.T. Nella cornice del frontespizio.</subfield>
    <subfield code="c">K323</subfield>
    <subfield code="c">Z279</subfield>
    <subfield code="d">Dimensioni: 2,3 x 2,9</subfield>
    <subfield code="f">CERCHIO</subfield>
    <subfield code="f">CROCE</subfield>
    <subfield code="f">B.T.</subfield>
    <subfield code="g">1521-1541</subfield>
  </datafield>
</record>
</collection>
